%YAML 1.1
%TAG !u! tag:unity3d.com,2011:
--- !u!1 &3285525917358883524
GameObject:
  m_ObjectHideFlags: 0
  m_CorrespondingSourceObject: {fileID: 0}
  m_PrefabInstance: {fileID: 0}
  m_PrefabAsset: {fileID: 0}
  serializedVersion: 6
  m_Component:
  - component: {fileID: 964447244732909722}
  m_Layer: 0
  m_Name: AttackPoint
  m_TagString: Untagged
  m_Icon: {fileID: 0}
  m_NavMeshLayer: 0
  m_StaticEditorFlags: 0
  m_IsActive: 1
--- !u!4 &964447244732909722
Transform:
  m_ObjectHideFlags: 0
  m_CorrespondingSourceObject: {fileID: 0}
  m_PrefabInstance: {fileID: 0}
  m_PrefabAsset: {fileID: 0}
  m_GameObject: {fileID: 3285525917358883524}
  m_LocalRotation: {x: 0, y: 0, z: 0, w: 1}
  m_LocalPosition: {x: 0, y: 0.927, z: 0.639}
  m_LocalScale: {x: 1, y: 1, z: 1}
  m_Children: []
  m_Father: {fileID: 6239888723442244421}
  m_RootOrder: 1
  m_LocalEulerAnglesHint: {x: 0, y: 0, z: 0}
--- !u!1 &6239888723442244418
GameObject:
  m_ObjectHideFlags: 0
  m_CorrespondingSourceObject: {fileID: 0}
  m_PrefabInstance: {fileID: 0}
  m_PrefabAsset: {fileID: 0}
  serializedVersion: 6
  m_Component:
  - component: {fileID: 6239888723442244421}
  - component: {fileID: 2373845102230450860}
  - component: {fileID: 6239888723442244423}
  - component: {fileID: 499947718563447062}
  - component: {fileID: 6239888723442244420}
  - component: {fileID: 6239888723442244422}
  - component: {fileID: 6239888723442244425}
  - component: {fileID: 6899205383452814837}
  m_Layer: 0
  m_Name: Zoombi
  m_TagString: Untagged
  m_Icon: {fileID: 0}
  m_NavMeshLayer: 0
  m_StaticEditorFlags: 0
  m_IsActive: 1
--- !u!4 &6239888723442244421
Transform:
  m_ObjectHideFlags: 0
  m_CorrespondingSourceObject: {fileID: 0}
  m_PrefabInstance: {fileID: 0}
  m_PrefabAsset: {fileID: 0}
  m_GameObject: {fileID: 6239888723442244418}
  m_LocalRotation: {x: 0, y: 0, z: 0, w: 1}
  m_LocalPosition: {x: 0, y: 0, z: 0}
  m_LocalScale: {x: 1.3, y: 1.3, z: 1.3}
  m_Children:
  - {fileID: 6239632344962150192}
  - {fileID: 964447244732909722}
  - {fileID: 1131919265724643579}
  m_Father: {fileID: 0}
  m_RootOrder: 0
  m_LocalEulerAnglesHint: {x: 0, y: 0, z: 0}
--- !u!114 &2373845102230450860
MonoBehaviour:
  m_ObjectHideFlags: 0
  m_CorrespondingSourceObject: {fileID: 0}
  m_PrefabInstance: {fileID: 0}
  m_PrefabAsset: {fileID: 0}
  m_GameObject: {fileID: 6239888723442244418}
  m_Enabled: 1
  m_EditorHideFlags: 0
  m_Script: {fileID: 11500000, guid: da11f7f22d3364f459cd807b408d750f, type: 3}
  m_Name: 
  m_EditorClassIdentifier: 
  <MaxHealth>k__BackingField: 100
  <CurentHealth>k__BackingField: 100
  _blood: {fileID: 1131919265706324897}
--- !u!114 &6239888723442244423
MonoBehaviour:
  m_ObjectHideFlags: 0
  m_CorrespondingSourceObject: {fileID: 0}
  m_PrefabInstance: {fileID: 0}
  m_PrefabAsset: {fileID: 0}
  m_GameObject: {fileID: 6239888723442244418}
  m_Enabled: 1
  m_EditorHideFlags: 0
  m_Script: {fileID: 11500000, guid: 36dc98291bd1dcd46a3c52dba015759d, type: 3}
  m_Name: 
  m_EditorClassIdentifier: 
  _target: {fileID: 0}
  _attackCenterPoint: {fileID: 964447244732909722}
  _attackRadius: 3
  _attackDistance: 3
  _attackDuraction: 2
  _damadge: 10
  _renderEditorAttackSphear: 0
--- !u!114 &499947718563447062
MonoBehaviour:
  m_ObjectHideFlags: 0
  m_CorrespondingSourceObject: {fileID: 0}
  m_PrefabInstance: {fileID: 0}
  m_PrefabAsset: {fileID: 0}
  m_GameObject: {fileID: 6239888723442244418}
  m_Enabled: 1
  m_EditorHideFlags: 0
  m_Script: {fileID: 11500000, guid: 880ab39cfa819084491874c93551b4e1, type: 3}
  m_Name: 
  m_EditorClassIdentifier: 
  _skinWariant:
  - {fileID: 6241278547886399942}
  - {fileID: 6241451115838427704}
  - {fileID: 6241484611095972314}
  - {fileID: 6241501059063405838}
--- !u!195 &6239888723442244420
NavMeshAgent:
  m_ObjectHideFlags: 0
  m_CorrespondingSourceObject: {fileID: 0}
  m_PrefabInstance: {fileID: 0}
  m_PrefabAsset: {fileID: 0}
  m_GameObject: {fileID: 6239888723442244418}
  m_Enabled: 0
  m_AgentTypeID: 0
  m_Radius: 0.4
  m_Speed: 5
  m_Acceleration: 8
  avoidancePriority: 50
  m_AngularSpeed: 200
  m_StoppingDistance: 1
  m_AutoTraverseOffMeshLink: 1
  m_AutoBraking: 1
  m_AutoRepath: 1
  m_Height: 2
  m_BaseOffset: 0
  m_WalkableMask: 4294967295
  m_ObstacleAvoidanceType: 3
--- !u!136 &6239888723442244422
CapsuleCollider:
  m_ObjectHideFlags: 0
  m_CorrespondingSourceObject: {fileID: 0}
  m_PrefabInstance: {fileID: 0}
  m_PrefabAsset: {fileID: 0}
  m_GameObject: {fileID: 6239888723442244418}
  m_Material: {fileID: 0}
  m_IsTrigger: 0
  m_Enabled: 1
  m_Radius: 0.4
  m_Height: 1.7
  m_Direction: 1
  m_Center: {x: 0, y: 0.9, z: 0}
--- !u!54 &6239888723442244425
Rigidbody:
  m_ObjectHideFlags: 0
  m_CorrespondingSourceObject: {fileID: 0}
  m_PrefabInstance: {fileID: 0}
  m_PrefabAsset: {fileID: 0}
  m_GameObject: {fileID: 6239888723442244418}
  serializedVersion: 2
  m_Mass: 0.05
  m_Drag: 0
  m_AngularDrag: 0.05
  m_UseGravity: 1
  m_IsKinematic: 1
  m_Interpolate: 0
  m_Constraints: 0
  m_CollisionDetection: 0
--- !u!114 &6899205383452814837
MonoBehaviour:
  m_ObjectHideFlags: 0
  m_CorrespondingSourceObject: {fileID: 0}
  m_PrefabInstance: {fileID: 0}
  m_PrefabAsset: {fileID: 0}
  m_GameObject: {fileID: 6239888723442244418}
  m_Enabled: 1
  m_EditorHideFlags: 0
  m_Script: {fileID: 11500000, guid: f6d33f8bdafa54d458ccfadb73bba6a7, type: 3}
  m_Name: 
  m_EditorClassIdentifier: 
--- !u!1001 &1131919265725056329
PrefabInstance:
  m_ObjectHideFlags: 0
  serializedVersion: 2
  m_Modification:
    m_TransformParent: {fileID: 6239888723442244421}
    m_Modifications:
    - target: {fileID: 119212, guid: 6069e6d1c1a8f7f40aa68cd8cf97dee7, type: 3}
      propertyPath: m_Name
      value: GreenBloodSplatCritical 1
      objectReference: {fileID: 0}
    - target: {fileID: 441778, guid: 6069e6d1c1a8f7f40aa68cd8cf97dee7, type: 3}
      propertyPath: m_RootOrder
      value: 2
      objectReference: {fileID: 0}
    - target: {fileID: 441778, guid: 6069e6d1c1a8f7f40aa68cd8cf97dee7, type: 3}
      propertyPath: m_LocalPosition.x
      value: -0
      objectReference: {fileID: 0}
    - target: {fileID: 441778, guid: 6069e6d1c1a8f7f40aa68cd8cf97dee7, type: 3}
      propertyPath: m_LocalPosition.y
      value: 1.125
      objectReference: {fileID: 0}
    - target: {fileID: 441778, guid: 6069e6d1c1a8f7f40aa68cd8cf97dee7, type: 3}
      propertyPath: m_LocalPosition.z
      value: -0
      objectReference: {fileID: 0}
    - target: {fileID: 441778, guid: 6069e6d1c1a8f7f40aa68cd8cf97dee7, type: 3}
      propertyPath: m_LocalRotation.w
      value: 0.7071068
      objectReference: {fileID: 0}
    - target: {fileID: 441778, guid: 6069e6d1c1a8f7f40aa68cd8cf97dee7, type: 3}
      propertyPath: m_LocalRotation.x
      value: -0.00000040839026
      objectReference: {fileID: 0}
    - target: {fileID: 441778, guid: 6069e6d1c1a8f7f40aa68cd8cf97dee7, type: 3}
      propertyPath: m_LocalRotation.y
      value: 0.00000023096797
      objectReference: {fileID: 0}
    - target: {fileID: 441778, guid: 6069e6d1c1a8f7f40aa68cd8cf97dee7, type: 3}
      propertyPath: m_LocalRotation.z
      value: -0.70710677
      objectReference: {fileID: 0}
    - target: {fileID: 441778, guid: 6069e6d1c1a8f7f40aa68cd8cf97dee7, type: 3}
      propertyPath: m_LocalEulerAnglesHint.x
      value: 0
      objectReference: {fileID: 0}
    - target: {fileID: 441778, guid: 6069e6d1c1a8f7f40aa68cd8cf97dee7, type: 3}
      propertyPath: m_LocalEulerAnglesHint.y
      value: 0
      objectReference: {fileID: 0}
    - target: {fileID: 441778, guid: 6069e6d1c1a8f7f40aa68cd8cf97dee7, type: 3}
      propertyPath: m_LocalEulerAnglesHint.z
      value: -90
      objectReference: {fileID: 0}
    - target: {fileID: 19805928, guid: 6069e6d1c1a8f7f40aa68cd8cf97dee7, type: 3}
      propertyPath: InitialModule.startSize.scalar
      value: 0.1
      objectReference: {fileID: 0}
    - target: {fileID: 19805928, guid: 6069e6d1c1a8f7f40aa68cd8cf97dee7, type: 3}
      propertyPath: InitialModule.startSpeed.scalar
      value: 8
      objectReference: {fileID: 0}
    - target: {fileID: 19805928, guid: 6069e6d1c1a8f7f40aa68cd8cf97dee7, type: 3}
      propertyPath: InitialModule.startSize.minScalar
      value: 0.05
      objectReference: {fileID: 0}
    - target: {fileID: 19805928, guid: 6069e6d1c1a8f7f40aa68cd8cf97dee7, type: 3}
      propertyPath: InitialModule.startSpeed.minScalar
      value: 3
      objectReference: {fileID: 0}
    - target: {fileID: 19805928, guid: 6069e6d1c1a8f7f40aa68cd8cf97dee7, type: 3}
      propertyPath: InitialModule.startSizeY.minMaxState
      value: 3
      objectReference: {fileID: 0}
    - target: {fileID: 19805928, guid: 6069e6d1c1a8f7f40aa68cd8cf97dee7, type: 3}
      propertyPath: InitialModule.startSizeZ.minMaxState
      value: 3
      objectReference: {fileID: 0}
    - target: {fileID: 19805928, guid: 6069e6d1c1a8f7f40aa68cd8cf97dee7, type: 3}
      propertyPath: InitialModule.startRotationX.minMaxState
      value: 3
      objectReference: {fileID: 0}
    - target: {fileID: 19805928, guid: 6069e6d1c1a8f7f40aa68cd8cf97dee7, type: 3}
      propertyPath: InitialModule.startRotationY.minMaxState
      value: 3
      objectReference: {fileID: 0}
    - target: {fileID: 19891620, guid: 6069e6d1c1a8f7f40aa68cd8cf97dee7, type: 3}
      propertyPath: InitialModule.startSize.scalar
      value: 0.1
      objectReference: {fileID: 0}
    - target: {fileID: 19891620, guid: 6069e6d1c1a8f7f40aa68cd8cf97dee7, type: 3}
      propertyPath: InitialModule.startSpeed.scalar
      value: 8
      objectReference: {fileID: 0}
    - target: {fileID: 19891620, guid: 6069e6d1c1a8f7f40aa68cd8cf97dee7, type: 3}
      propertyPath: InitialModule.startSize.minScalar
      value: 0.02
      objectReference: {fileID: 0}
    m_RemovedComponents: []
  m_SourcePrefab: {fileID: 100100000, guid: 6069e6d1c1a8f7f40aa68cd8cf97dee7, type: 3}
--- !u!4 &1131919265724643579 stripped
Transform:
  m_CorrespondingSourceObject: {fileID: 441778, guid: 6069e6d1c1a8f7f40aa68cd8cf97dee7, type: 3}
  m_PrefabInstance: {fileID: 1131919265725056329}
  m_PrefabAsset: {fileID: 0}
--- !u!198 &1131919265706324897 stripped
ParticleSystem:
  m_CorrespondingSourceObject: {fileID: 19805928, guid: 6069e6d1c1a8f7f40aa68cd8cf97dee7, type: 3}
  m_PrefabInstance: {fileID: 1131919265725056329}
  m_PrefabAsset: {fileID: 0}
--- !u!1001 &6239888722496234566
PrefabInstance:
  m_ObjectHideFlags: 0
  serializedVersion: 2
  m_Modification:
    m_TransformParent: {fileID: 6239888723442244421}
    m_Modifications:
    - target: {fileID: 1331328711462180, guid: e8e6a8d0d7d9a1245a0d143f23cc283b, type: 3}
      propertyPath: m_Name
      value: SM_Chr_Zombie_Male_02
      objectReference: {fileID: 0}
    - target: {fileID: 4267430597299062, guid: e8e6a8d0d7d9a1245a0d143f23cc283b, type: 3}
      propertyPath: m_RootOrder
      value: 0
      objectReference: {fileID: 0}
    - target: {fileID: 4267430597299062, guid: e8e6a8d0d7d9a1245a0d143f23cc283b, type: 3}
      propertyPath: m_LocalPosition.x
      value: 0
      objectReference: {fileID: 0}
    - target: {fileID: 4267430597299062, guid: e8e6a8d0d7d9a1245a0d143f23cc283b, type: 3}
      propertyPath: m_LocalPosition.y
      value: -0.029
      objectReference: {fileID: 0}
    - target: {fileID: 4267430597299062, guid: e8e6a8d0d7d9a1245a0d143f23cc283b, type: 3}
      propertyPath: m_LocalPosition.z
      value: 0
      objectReference: {fileID: 0}
    - target: {fileID: 4267430597299062, guid: e8e6a8d0d7d9a1245a0d143f23cc283b, type: 3}
      propertyPath: m_LocalRotation.w
      value: 1
      objectReference: {fileID: 0}
    - target: {fileID: 4267430597299062, guid: e8e6a8d0d7d9a1245a0d143f23cc283b, type: 3}
      propertyPath: m_LocalRotation.x
      value: 0
      objectReference: {fileID: 0}
    - target: {fileID: 4267430597299062, guid: e8e6a8d0d7d9a1245a0d143f23cc283b, type: 3}
      propertyPath: m_LocalRotation.y
      value: 0
      objectReference: {fileID: 0}
    - target: {fileID: 4267430597299062, guid: e8e6a8d0d7d9a1245a0d143f23cc283b, type: 3}
      propertyPath: m_LocalRotation.z
      value: 0
      objectReference: {fileID: 0}
    - target: {fileID: 4267430597299062, guid: e8e6a8d0d7d9a1245a0d143f23cc283b, type: 3}
      propertyPath: m_LocalEulerAnglesHint.x
      value: 0
      objectReference: {fileID: 0}
    - target: {fileID: 4267430597299062, guid: e8e6a8d0d7d9a1245a0d143f23cc283b, type: 3}
      propertyPath: m_LocalEulerAnglesHint.y
      value: 0
      objectReference: {fileID: 0}
    - target: {fileID: 4267430597299062, guid: e8e6a8d0d7d9a1245a0d143f23cc283b, type: 3}
      propertyPath: m_LocalEulerAnglesHint.z
      value: 0
      objectReference: {fileID: 0}
    - target: {fileID: 95645709749005162, guid: e8e6a8d0d7d9a1245a0d143f23cc283b, type: 3}
      propertyPath: m_Controller
      value: 
      objectReference: {fileID: 9100000, guid: d0beafa658b7c7844807c27a0677d9be, type: 2}
    m_RemovedComponents: []
  m_SourcePrefab: {fileID: 100100000, guid: e8e6a8d0d7d9a1245a0d143f23cc283b, type: 3}
--- !u!1 &6240919729166854498 stripped
GameObject:
  m_CorrespondingSourceObject: {fileID: 1331328711462180, guid: e8e6a8d0d7d9a1245a0d143f23cc283b, type: 3}
  m_PrefabInstance: {fileID: 6239888722496234566}
  m_PrefabAsset: {fileID: 0}
--- !u!4 &6239632344962150192 stripped
Transform:
  m_CorrespondingSourceObject: {fileID: 4267430597299062, guid: e8e6a8d0d7d9a1245a0d143f23cc283b, type: 3}
  m_PrefabInstance: {fileID: 6239888722496234566}
  m_PrefabAsset: {fileID: 0}
--- !u!1 &6241278547886399942 stripped
GameObject:
  m_CorrespondingSourceObject: {fileID: 1671799130703232, guid: e8e6a8d0d7d9a1245a0d143f23cc283b, type: 3}
  m_PrefabInstance: {fileID: 6239888722496234566}
  m_PrefabAsset: {fileID: 0}
--- !u!1 &6241451115838427704 stripped
GameObject:
  m_CorrespondingSourceObject: {fileID: 1863685980649086, guid: e8e6a8d0d7d9a1245a0d143f23cc283b, type: 3}
  m_PrefabInstance: {fileID: 6239888722496234566}
  m_PrefabAsset: {fileID: 0}
--- !u!1 &6241484611095972314 stripped
GameObject:
  m_CorrespondingSourceObject: {fileID: 1896197143653788, guid: e8e6a8d0d7d9a1245a0d143f23cc283b, type: 3}
  m_PrefabInstance: {fileID: 6239888722496234566}
  m_PrefabAsset: {fileID: 0}
--- !u!1 &6241501059063405838 stripped
GameObject:
  m_CorrespondingSourceObject: {fileID: 1914934336715080, guid: e8e6a8d0d7d9a1245a0d143f23cc283b, type: 3}
  m_PrefabInstance: {fileID: 6239888722496234566}
  m_PrefabAsset: {fileID: 0}
--- !u!114 &6239888723476265765
MonoBehaviour:
  m_ObjectHideFlags: 0
  m_CorrespondingSourceObject: {fileID: 0}
  m_PrefabInstance: {fileID: 0}
  m_PrefabAsset: {fileID: 0}
  m_GameObject: {fileID: 6240919729166854498}
  m_Enabled: 1
  m_EditorHideFlags: 0
  m_Script: {fileID: 11500000, guid: 13d7f5ef02e6c3d4ba53313864ebc14b, type: 3}
  m_Name: 
  m_EditorClassIdentifier: 
